[gd_scene load_steps=8 format=2]

[ext_resource path="res://addons/VR/scripts/ARVROrigin.gd" type="Script" id=1]
[ext_resource path="res://addons/godot-openvr/scenes/ovr_controller.tscn" type="PackedScene" id=2]
[ext_resource path="res://addons/vr-common/functions/Function_Teleport.tscn" type="PackedScene" id=3]
[ext_resource path="res://addons/vr-common/functions/Function_Move_Object.tscn" type="PackedScene" id=4]
[ext_resource path="res://addons/vr-common/functions/2Function_Teleport.tscn" type="PackedScene" id=5]
[ext_resource path="res://addons/vr-common/functions/Function_Direct_movement.tscn" type="PackedScene" id=6]

[sub_resource type="GDScript" id=1]

script/source = "extends ARVRController

signal controller_activated(controller)

var ovr_render_model
var components = Array()
var ws = 0

var can_move = null
var can_teleport = null
var can_pick = null

export (NodePath) var direct_movement_function = null

export (bool) var teleport
export (bool) var direct_movement 
export (bool) var object_picking
 
export (int) var object_speed
export (int) var movement_speed

export(String, \"Teleport Function with Press\", \"Teleport Function Constant\") var teleport_function

var teleport_function_press = null
var teleport_function_constant = null

func _ready():
	# hide to begin with
	visible = false
	can_pick = true
	can_move = true
	can_teleport = true
	
	if !teleport:
		remove_child($Function_Teleport)
		remove_child($\"2Function_Teleport\")
	else:
		if(teleport_function == \"Teleport Function with Press\"):
			remove_child($\"2Function_Teleport\")
		elif(teleport_function == \"Teleport Function Constant\"):
			remove_child($Function_Teleport)

	if !direct_movement:
		can_move = false
	
	if !object_picking:
		remove_child($\"Function_Move_Object\")
	
	# instance our render model object
	ovr_render_model = preload(\"res://addons/godot-openvr/OpenVRRenderModel.gdns\").new()
	
	
	
	
func apply_world_scale():
	var new_ws = ARVRServer.world_scale
	if (ws != new_ws):
		ws = new_ws
		$Controller_mesh.scale = Vector3(ws, ws, ws)

func load_controller_mesh(controller_name):
	if ovr_render_model.load_model(controller_name.substr(0, controller_name.length()-2)):
		return ovr_render_model
	
	if ovr_render_model.load_model(\"generic_controller\"):
		return ovr_render_model
	
	return Mesh.new()

func _process(delta):
	if !get_is_active():
		visible = false
		return
#	if(is_button_pressed(15)):
#			print(get_controller_name()+\" trigger\")
#	if(is_button_pressed(2)):
#		print(get_controller_name()+\" grip\")
#	if(is_button_pressed(14)):
#		print(get_controller_name()+\" touchpad\")
	# always set our world scale, user may end up changing this
	apply_world_scale()
	
	if visible:
		return
	
	# became active? lets handle it...
	var controller_name = get_controller_name()
	print(\"Controller \" + controller_name + \" became active\")
			
	# attempt to load a mesh for this
	$Controller_mesh.mesh = load_controller_mesh(controller_name)
			
	# make it visible
	visible = true
	emit_signal(\"controller_activated\", self)
"

[node name="ARVROrigin" type="ARVROrigin" index="0"]

transform = Transform( 1, 0, 0, 0, 1, 0, 0, 0, 1, 0, 0.4, 0 )
world_scale = 1.0
script = ExtResource( 1 )

[node name="ARVRCamera" type="ARVRCamera" parent="." index="0"]

keep_aspect = 1
cull_mask = 1048575
environment = null
h_offset = 0.0
v_offset = 0.0
doppler_tracking = 0
projection = 0
current = false
fov = 70.0
size = 1.0
near = 0.05
far = 100.0

[node name="Left_Controller" parent="." index="1" instance=ExtResource( 2 )]

script = SubResource( 1 )
direct_movement_function = NodePath("../Left_Movement")
teleport = true
direct_movement = true
object_picking = false
object_speed = 15
movement_speed = 5
teleport_function = "Teleport Function with Press"

[node name="Function_Teleport" parent="Left_Controller" index="1" instance=ExtResource( 3 )]

collision_layer = 2
collision_mask = 5
origin = NodePath("../..")
other_controller_node = NodePath("../../Right_Controller")

[node name="Function_Move_Object" parent="Left_Controller" index="2" instance=ExtResource( 4 )]

controller_node = NodePath("..")
other_controller_node = NodePath("../../Right_Controller")
origin_node = NodePath("../..")

[node name="2Function_Teleport" parent="Left_Controller" index="3" instance=ExtResource( 5 )]

origin = NodePath("../..")
other_controller_node = NodePath("../../Right_Controller")

[node name="Right_Controller" parent="." index="2" instance=ExtResource( 2 )]

controller_id = 2
script = SubResource( 1 )
direct_movement_function = NodePath("../Right_Movement")
teleport = true
direct_movement = true
object_picking = false
object_speed = 5
movement_speed = 5
teleport_function = "Teleport Function Constant"

[node name="Function_Move_Object" parent="Right_Controller" index="1" instance=ExtResource( 4 )]

controller_node = NodePath("..")
other_controller_node = NodePath("../../Left_Controller")
origin_node = NodePath("../..")

[node name="2Function_Teleport" parent="Right_Controller" index="2" instance=ExtResource( 5 )]

origin = NodePath("../..")
other_controller_node = NodePath("../../Left_Controller")

[node name="Function_Teleport" parent="Right_Controller" index="3" instance=ExtResource( 3 )]

collision_layer = 2
collision_mask = 5
origin = NodePath("../..")
other_controller_node = NodePath("../../Left_Controller")

[node name="Left_Movement" parent="." index="3" instance=ExtResource( 6 )]

origin = NodePath("..")
camera = NodePath("../ARVRCamera")
controller = NodePath("../Left_Controller")

[node name="Right_Movement" parent="." index="4" instance=ExtResource( 6 )]

origin = NodePath("..")
camera = NodePath("../ARVRCamera")
controller = NodePath("../Right_Controller")


