[gd_scene load_steps=12 format=2]

[ext_resource path="res://addons/gdosc/main.gd" type="Script" id=1]
[ext_resource path="res://addons/VR/VR.tscn" type="PackedScene" id=2]
[ext_resource path="res://addons/gdosc/Menu.tscn" type="PackedScene" id=3]
[ext_resource path="res://MovableObjects.gd" type="Script" id=4]
[ext_resource path="res://Sphere.tscn" type="PackedScene" id=5]
[ext_resource path="res://Cube.tscn" type="PackedScene" id=6]
[ext_resource path="res://Pyramide.tscn" type="PackedScene" id=7]
[ext_resource path="res://Cylindre.tscn" type="PackedScene" id=8]

[sub_resource type="CubeMesh" id=1]

custom_aabb = AABB( 0, 0, 0, 0, 0, 0 )
size = Vector3( 2, 2, 2 )
subdivide_width = 0
subdivide_height = 0
subdivide_depth = 0

[sub_resource type="SpatialMaterial" id=2]

render_priority = 0
flags_transparent = false
flags_unshaded = false
flags_vertex_lighting = false
flags_no_depth_test = false
flags_use_point_size = false
flags_world_triplanar = false
flags_fixed_size = false
flags_albedo_tex_force_srgb = false
vertex_color_use_as_albedo = false
vertex_color_is_srgb = false
params_diffuse_mode = 0
params_specular_mode = 0
params_blend_mode = 0
params_cull_mode = 0
params_depth_draw_mode = 0
params_line_width = 1.0
params_point_size = 1.0
params_billboard_mode = 0
params_grow = false
params_use_alpha_scissor = false
albedo_color = Color( 1, 0, 0, 1 )
metallic = 0.0
metallic_specular = 0.5
metallic_texture_channel = 0
roughness = 1.0
roughness_texture_channel = 0
emission_enabled = false
normal_enabled = false
rim_enabled = false
clearcoat_enabled = false
anisotropy_enabled = false
ao_enabled = false
depth_enabled = false
subsurf_scatter_enabled = false
transmission_enabled = false
refraction_enabled = false
detail_enabled = false
uv1_scale = Vector3( 1, 1, 1 )
uv1_offset = Vector3( 0, 0, 0 )
uv1_triplanar = false
uv1_triplanar_sharpness = 1.0
uv2_scale = Vector3( 1, 1, 1 )
uv2_offset = Vector3( 0, 0, 0 )
uv2_triplanar = false
uv2_triplanar_sharpness = 1.0
proximity_fade_enable = false
distance_fade_enable = false
_sections_unfolded = [ "Metallic", "Roughness" ]

[sub_resource type="ConvexPolygonShape" id=3]

points = PoolVector3Array( -1, 1, 1, 1, 1, -1, 1, 1, 1, -1, 1, -1, -1, -1, 1, 1, -1, -1, 1, -1, 1, -1, -1, -1, 1, 1, 1, -1, 1, -1, 1, 1, -1, -1, 1, 1, 1, -1, 1, -1, -1, -1, 1, -1, -1, -1, -1, 1, 1, 1, 1, -1, -1, 1, -1, 1, 1, 1, -1, 1, 1, 1, -1, -1, -1, -1, -1, 1, -1, 1, -1, -1 )

[node name="Spatial" type="Spatial" index="0"]

transform = Transform( 1, 0, 0, 0, 1, 0, 0, 0, 1, 10, 0, 10 )
script = ExtResource( 1 )
_sections_unfolded = [ "Transform" ]
movableObjectsNode = NodePath("MovableObjects")

[node name="ARVROrigin" parent="." index="0" instance=ExtResource( 2 )]

transform = Transform( 1, 0, 0, 0, 1, 0, 0, 0, 1, 0, 1.82212, 0 )

[node name="Menu" parent="." index="1" instance=ExtResource( 3 )]

[node name="MovableObjects" type="Spatial" parent="." index="2"]

script = ExtResource( 4 )

[node name="Sphere" parent="MovableObjects" index="0" instance=ExtResource( 5 )]

transform = Transform( 1, 0, 0, 0, 1, 0, 0, 0, 1, -2.81129, 3.82186, -3.63462 )
collision_mask = 7
contacts_reported = 2
contact_monitor = true
_sections_unfolded = [ "Collision" ]

[node name="Cube" parent="MovableObjects" index="1" instance=ExtResource( 6 )]

transform = Transform( 1, 0, 0, 0, 1, 0, 0, 0, 1, -4.39835, 2.91351, 0.0605259 )
collision_mask = 7
_sections_unfolded = [ "Collision" ]

[node name="Pyramide" parent="MovableObjects" index="2" instance=ExtResource( 7 )]

transform = Transform( 1, 0, 0, 0, 1, 0, 0, 0, 1, -1.25424, 6.8784, 6.44671 )
collision_mask = 7
_sections_unfolded = [ "Collision" ]

[node name="Cylindre" parent="MovableObjects" index="3" instance=ExtResource( 8 )]

transform = Transform( 1, 0, 0, 0, 1, 0, 0, 0, 1, 1.0614, 6.46673, -4.02985 )
collision_mask = 7
_sections_unfolded = [ "Collision" ]

[node name="Env" type="Spatial" parent="." index="3"]

[node name="Floor" type="Spatial" parent="Env" index="0"]

[node name="MeshInstance" type="MeshInstance" parent="Env/Floor" index="0"]

transform = Transform( 10, 0, 0, 0, 1, 0, 0, 0, 10, 0.0104389, 0.0179224, -0.0213861 )
layers = 1
material_override = null
cast_shadow = 1
extra_cull_margin = 0.0
use_in_baked_light = false
lod_min_distance = 0.0
lod_min_hysteresis = 0.0
lod_max_distance = 0.0
lod_max_hysteresis = 0.0
mesh = SubResource( 1 )
skeleton = NodePath("..")
material/0 = SubResource( 2 )
_sections_unfolded = [ "Transform", "material" ]

[node name="StaticBody" type="StaticBody" parent="Env/Floor/MeshInstance" index="0"]

input_ray_pickable = true
input_capture_on_drag = false
collision_layer = 1
collision_mask = 1
friction = 1.0
bounce = 0.0
constant_linear_velocity = Vector3( 0, 0, 0 )
constant_angular_velocity = Vector3( 0, 0, 0 )

[node name="CollisionShape" type="CollisionShape" parent="Env/Floor/MeshInstance/StaticBody" index="0"]

shape = SubResource( 3 )
disabled = false

[connection signal="body_entered" from="MovableObjects/Sphere" to="MovableObjects" method="_on_Sphere_body_entered"]


