[gd_scene load_steps=7 format=2]

[ext_resource path="res://addons/gdosc/Menu.gd" type="Script" id=1]
[ext_resource path="res://addons/gdosc/Control.gd" type="Script" id=2]
[ext_resource path="res://addons/gdosc/Control2.gd" type="Script" id=3]

[sub_resource type="PlaneMesh" id=1]

custom_aabb = AABB( 0, 0, 0, 0, 0, 0 )
size = Vector2( 2, 2 )
subdivide_width = 0
subdivide_depth = 0

[sub_resource type="ViewportTexture" id=2]

resource_local_to_scene = true
flags = 0
viewport_path = NodePath("Viewport1")

[sub_resource type="SpatialMaterial" id=3]

resource_local_to_scene = true
render_priority = 0
flags_transparent = false
flags_unshaded = false
flags_vertex_lighting = false
flags_no_depth_test = false
flags_use_point_size = false
flags_world_triplanar = false
flags_fixed_size = false
flags_albedo_tex_force_srgb = false
vertex_color_use_as_albedo = false
vertex_color_is_srgb = false
params_diffuse_mode = 0
params_specular_mode = 0
params_blend_mode = 0
params_cull_mode = 0
params_depth_draw_mode = 0
params_line_width = 1.0
params_point_size = 1.0
params_billboard_mode = 0
params_grow = false
params_use_alpha_scissor = false
albedo_color = Color( 1, 1, 1, 1 )
albedo_texture = SubResource( 2 )
metallic = 0.0
metallic_specular = 0.5
metallic_texture_channel = 0
roughness = 0.0
roughness_texture_channel = 0
emission_enabled = false
normal_enabled = false
rim_enabled = false
clearcoat_enabled = false
anisotropy_enabled = false
ao_enabled = false
depth_enabled = false
subsurf_scatter_enabled = false
transmission_enabled = false
refraction_enabled = false
detail_enabled = false
uv1_scale = Vector3( 1, 1, 1 )
uv1_offset = Vector3( 0, 0, 0 )
uv1_triplanar = false
uv1_triplanar_sharpness = 1.0
uv2_scale = Vector3( 1, 1, 1 )
uv2_offset = Vector3( 0, 0, 0 )
uv2_triplanar = false
uv2_triplanar_sharpness = 1.0
proximity_fade_enable = false
distance_fade_enable = false
_sections_unfolded = [ "Albedo", "Metallic", "Resource" ]

[node name="Menu" type="Node"]

script = ExtResource( 1 )

[node name="Viewport1" type="Viewport" parent="." index="0"]

arvr = false
size = Vector2( 180, 210 )
own_world = false
world = null
transparent_bg = false
msaa = 0
hdr = true
disable_3d = false
usage = 2
debug_draw = 0
render_target_v_flip = true
render_target_clear_mode = 0
render_target_update_mode = 2
audio_listener_enable_2d = false
audio_listener_enable_3d = false
physics_object_picking = false
gui_disable_input = false
gui_snap_controls_to_pixels = true
shadow_atlas_size = 0
shadow_atlas_quad_0 = 2
shadow_atlas_quad_1 = 2
shadow_atlas_quad_2 = 3
shadow_atlas_quad_3 = 4
_sections_unfolded = [ "Render Target", "Rendering" ]

[node name="Control" type="Control" parent="Viewport1" index="0"]

anchor_left = 0.0
anchor_top = 0.0
anchor_right = 0.0
anchor_bottom = 0.0
margin_right = 40.0
margin_bottom = 40.0
rect_pivot_offset = Vector2( 0, 0 )
rect_clip_content = false
mouse_filter = 0
mouse_default_cursor_shape = 0
size_flags_horizontal = 1
size_flags_vertical = 1
script = ExtResource( 2 )

[node name="SliderR" type="Control" parent="Viewport1/Control" index="0"]

anchor_left = 0.0
anchor_top = 0.0
anchor_right = 0.0
anchor_bottom = 0.0
margin_right = 40.0
margin_bottom = 40.0
rect_pivot_offset = Vector2( 0, 0 )
rect_clip_content = false
mouse_filter = 0
mouse_default_cursor_shape = 0
size_flags_horizontal = 1
size_flags_vertical = 1
_sections_unfolded = [ "Size Flags" ]

[node name="Text" type="Label" parent="Viewport1/Control/SliderR" index="0"]

anchor_left = 0.0
anchor_top = 0.0
anchor_right = 0.0
anchor_bottom = 0.0
margin_left = 7.0
margin_top = 10.0
margin_right = 40.0
margin_bottom = 16.0
rect_pivot_offset = Vector2( 0, 0 )
rect_clip_content = false
mouse_filter = 2
mouse_default_cursor_shape = 0
size_flags_horizontal = 1
size_flags_vertical = 4
custom_colors/font_color = Color( 0.0585938, 0.0395966, 0.0395966, 1 )
text = "R"
percent_visible = 1.0
lines_skipped = 0
max_lines_visible = -1
_sections_unfolded = [ "Margin", "custom_colors" ]

[node name="Value" type="HSlider" parent="Viewport1/Control/SliderR" index="1"]

anchor_left = 0.0
anchor_top = 0.0
anchor_right = 0.0
anchor_bottom = 0.0
margin_left = 21.0
margin_top = 3.0
margin_right = 137.0
margin_bottom = 31.0
rect_pivot_offset = Vector2( 0, 0 )
rect_clip_content = false
focus_mode = 2
mouse_filter = 0
mouse_default_cursor_shape = 0
size_flags_horizontal = 1
size_flags_vertical = 0
min_value = 0.0
max_value = 255.0
step = 1.0
page = 0.0
value = 0.0
exp_edit = false
rounded = false
editable = true
tick_count = 0
ticks_on_borders = false
focus_mode = 2

[node name="TextValue" type="Label" parent="Viewport1/Control/SliderR" index="2"]

anchor_left = 0.0
anchor_top = 0.0
anchor_right = 0.0
anchor_bottom = 0.0
margin_left = 153.0
margin_top = 10.0
margin_right = 40.0
margin_bottom = 24.0
rect_pivot_offset = Vector2( 0, 0 )
rect_clip_content = false
mouse_filter = 2
mouse_default_cursor_shape = 0
size_flags_horizontal = 1
size_flags_vertical = 4
text = "0"
percent_visible = 1.0
lines_skipped = 0
max_lines_visible = -1
_sections_unfolded = [ "Margin", "Rect" ]

[node name="SliderG" type="Control" parent="Viewport1/Control" index="1"]

anchor_left = 0.0
anchor_top = 0.0
anchor_right = 0.0
anchor_bottom = 0.0
margin_right = 40.0
margin_bottom = 40.0
rect_pivot_offset = Vector2( 0, 0 )
rect_clip_content = false
mouse_filter = 0
mouse_default_cursor_shape = 0
size_flags_horizontal = 1
size_flags_vertical = 1

[node name="Text" type="Label" parent="Viewport1/Control/SliderG" index="0"]

anchor_left = 0.0
anchor_top = 0.0
anchor_right = 0.0
anchor_bottom = 0.0
margin_left = 7.0
margin_top = 35.0
margin_right = 40.0
margin_bottom = 14.0
rect_pivot_offset = Vector2( 0, 0 )
rect_clip_content = false
mouse_filter = 2
mouse_default_cursor_shape = 0
size_flags_horizontal = 1
size_flags_vertical = 4
text = "G"
percent_visible = 1.0
lines_skipped = 0
max_lines_visible = -1
_sections_unfolded = [ "Margin" ]

[node name="Value" type="HSlider" parent="Viewport1/Control/SliderG" index="1"]

anchor_left = 0.0
anchor_top = 0.0
anchor_right = 0.0
anchor_bottom = 0.0
margin_left = 20.0
margin_top = 25.0
margin_right = 136.0
margin_bottom = 57.0
rect_pivot_offset = Vector2( 0, 0 )
rect_clip_content = false
focus_mode = 2
mouse_filter = 0
mouse_default_cursor_shape = 0
size_flags_horizontal = 1
size_flags_vertical = 0
min_value = 0.0
max_value = 255.0
step = 1.0
page = 0.0
value = 0.0
exp_edit = false
rounded = false
editable = true
tick_count = 0
ticks_on_borders = false
focus_mode = 2
_sections_unfolded = [ "Margin", "Rect" ]

[node name="TextValue" type="Label" parent="Viewport1/Control/SliderG" index="2"]

anchor_left = 0.0
anchor_top = 0.0
anchor_right = 0.0
anchor_bottom = 0.0
margin_left = 154.0
margin_top = 35.0
margin_right = 40.0
margin_bottom = 14.0
rect_pivot_offset = Vector2( 0, 0 )
rect_clip_content = false
mouse_filter = 2
mouse_default_cursor_shape = 0
size_flags_horizontal = 1
size_flags_vertical = 4
text = "0"
percent_visible = 1.0
lines_skipped = 0
max_lines_visible = -1
_sections_unfolded = [ "Margin" ]

[node name="SliderB" type="Control" parent="Viewport1/Control" index="2"]

editor/display_folded = true
anchor_left = 0.0
anchor_top = 0.0
anchor_right = 0.0
anchor_bottom = 0.0
margin_right = 40.0
margin_bottom = 40.0
rect_pivot_offset = Vector2( 0, 0 )
rect_clip_content = false
mouse_filter = 0
mouse_default_cursor_shape = 0
size_flags_horizontal = 1
size_flags_vertical = 1

[node name="Text" type="Label" parent="Viewport1/Control/SliderB" index="0"]

anchor_left = 0.0
anchor_top = 0.0
anchor_right = 0.0
anchor_bottom = 0.0
margin_left = 7.0
margin_top = 58.0
margin_right = 40.0
margin_bottom = 14.0
rect_pivot_offset = Vector2( 0, 0 )
rect_clip_content = false
mouse_filter = 2
mouse_default_cursor_shape = 0
size_flags_horizontal = 1
size_flags_vertical = 4
text = "B"
percent_visible = 1.0
lines_skipped = 0
max_lines_visible = -1
_sections_unfolded = [ "Margin" ]

[node name="TextValue" type="Label" parent="Viewport1/Control/SliderB" index="1"]

anchor_left = 0.0
anchor_top = 0.0
anchor_right = 0.0
anchor_bottom = 0.0
margin_left = 154.0
margin_top = 61.0
margin_right = 40.0
margin_bottom = 14.0
rect_pivot_offset = Vector2( 0, 0 )
rect_clip_content = false
mouse_filter = 2
mouse_default_cursor_shape = 0
size_flags_horizontal = 1
size_flags_vertical = 4
text = "0"
percent_visible = 1.0
lines_skipped = 0
max_lines_visible = -1
_sections_unfolded = [ "Margin" ]

[node name="Value" type="HSlider" parent="Viewport1/Control/SliderB" index="2"]

anchor_left = 0.0
anchor_top = 0.0
anchor_right = 0.0
anchor_bottom = 0.0
margin_left = 21.0
margin_top = 57.0
margin_right = 137.0
margin_bottom = 73.0
rect_pivot_offset = Vector2( 0, 0 )
rect_clip_content = false
focus_mode = 2
mouse_filter = 0
mouse_default_cursor_shape = 0
size_flags_horizontal = 1
size_flags_vertical = 0
min_value = 0.0
max_value = 255.0
step = 1.0
page = 0.0
value = 0.0
exp_edit = false
rounded = false
editable = true
tick_count = 0
ticks_on_borders = false
focus_mode = 2
_sections_unfolded = [ "Margin", "Rect" ]

[node name="SliderH" type="Control" parent="Viewport1/Control" index="3"]

editor/display_folded = true
anchor_left = 0.0
anchor_top = 0.0
anchor_right = 0.0
anchor_bottom = 0.0
margin_top = -25.0
margin_right = 40.0
margin_bottom = 40.0
rect_pivot_offset = Vector2( 0, 0 )
rect_clip_content = false
mouse_filter = 0
mouse_default_cursor_shape = 0
size_flags_horizontal = 1
size_flags_vertical = 1
_sections_unfolded = [ "Grow Direction", "Margin" ]

[node name="Text" type="Label" parent="Viewport1/Control/SliderH" index="0"]

anchor_left = 0.0
anchor_top = 0.0
anchor_right = 0.0
anchor_bottom = 0.0
margin_left = 6.0
margin_top = 103.0
margin_right = 40.0
margin_bottom = 14.0
rect_pivot_offset = Vector2( 0, 0 )
rect_clip_content = false
mouse_filter = 2
mouse_default_cursor_shape = 0
size_flags_horizontal = 1
size_flags_vertical = 4
text = "Heigth"
percent_visible = 1.0
lines_skipped = 0
max_lines_visible = -1
_sections_unfolded = [ "Margin" ]

[node name="TextValue" type="Label" parent="Viewport1/Control/SliderH" index="1"]

anchor_left = 0.0
anchor_top = 0.0
anchor_right = 0.0
anchor_bottom = 0.0
margin_left = 141.0
margin_top = 121.0
margin_right = 40.0
margin_bottom = 14.0
rect_pivot_offset = Vector2( 0, 0 )
rect_clip_content = false
mouse_filter = 2
mouse_default_cursor_shape = 0
size_flags_horizontal = 1
size_flags_vertical = 4
text = "0"
percent_visible = 1.0
lines_skipped = 0
max_lines_visible = -1
_sections_unfolded = [ "Margin" ]

[node name="Value" type="HSlider" parent="Viewport1/Control/SliderH" index="2"]

anchor_left = 0.0
anchor_top = 0.0
anchor_right = 0.0
anchor_bottom = 0.0
margin_left = 9.0
margin_top = 119.0
margin_right = 125.0
margin_bottom = 135.0
rect_pivot_offset = Vector2( 0, 0 )
rect_clip_content = false
focus_mode = 2
mouse_filter = 0
mouse_default_cursor_shape = 0
size_flags_horizontal = 1
size_flags_vertical = 0
min_value = 1.0
max_value = 255.0
step = 1.0
page = 0.0
value = 1.0
exp_edit = false
rounded = false
editable = true
tick_count = 0
ticks_on_borders = false
focus_mode = 2
_sections_unfolded = [ "Margin", "Rect" ]

[node name="SliderL" type="Control" parent="Viewport1/Control" index="4"]

editor/display_folded = true
anchor_left = 0.0
anchor_top = 0.0
anchor_right = 0.0
anchor_bottom = 0.0
margin_top = -25.0
margin_right = 40.0
margin_bottom = 40.0
rect_pivot_offset = Vector2( 0, 0 )
rect_clip_content = false
mouse_filter = 0
mouse_default_cursor_shape = 0
size_flags_horizontal = 1
size_flags_vertical = 1
_sections_unfolded = [ "Margin" ]

[node name="Value" type="HSlider" parent="Viewport1/Control/SliderL" index="0"]

anchor_left = 0.0
anchor_top = 0.0
anchor_right = 0.0
anchor_bottom = 0.0
margin_left = 9.0
margin_top = 153.0
margin_right = 125.0
margin_bottom = 169.0
rect_pivot_offset = Vector2( 0, 0 )
rect_clip_content = false
focus_mode = 2
mouse_filter = 0
mouse_default_cursor_shape = 0
size_flags_horizontal = 1
size_flags_vertical = 0
min_value = 1.0
max_value = 255.0
step = 1.0
page = 0.0
value = 1.0
exp_edit = false
rounded = false
editable = true
tick_count = 0
ticks_on_borders = false
focus_mode = 2
_sections_unfolded = [ "Margin", "Rect" ]

[node name="Text" type="Label" parent="Viewport1/Control/SliderL" index="1"]

anchor_left = 0.0
anchor_top = 0.0
anchor_right = 0.0
anchor_bottom = 0.0
margin_left = 7.0
margin_top = 138.0
margin_right = 40.0
margin_bottom = 14.0
rect_pivot_offset = Vector2( 0, 0 )
rect_clip_content = false
mouse_filter = 2
mouse_default_cursor_shape = 0
size_flags_horizontal = 1
size_flags_vertical = 4
text = "Width"
percent_visible = 1.0
lines_skipped = 0
max_lines_visible = -1
_sections_unfolded = [ "Margin" ]

[node name="TextValue" type="Label" parent="Viewport1/Control/SliderL" index="2"]

anchor_left = 0.0
anchor_top = 0.0
anchor_right = 0.0
anchor_bottom = 0.0
margin_left = 141.0
margin_top = 155.0
margin_right = 40.0
margin_bottom = 14.0
rect_pivot_offset = Vector2( 0, 0 )
rect_clip_content = false
mouse_filter = 2
mouse_default_cursor_shape = 0
size_flags_horizontal = 1
size_flags_vertical = 4
text = "0"
percent_visible = 1.0
lines_skipped = 0
max_lines_visible = -1
_sections_unfolded = [ "Margin" ]

[node name="SliderP" type="Control" parent="Viewport1/Control" index="5"]

anchor_left = 0.0
anchor_top = 0.0
anchor_right = 0.0
anchor_bottom = 0.0
margin_top = -25.0
margin_right = 40.0
margin_bottom = 40.0
rect_pivot_offset = Vector2( 0, 0 )
rect_clip_content = false
mouse_filter = 0
mouse_default_cursor_shape = 0
size_flags_horizontal = 1
size_flags_vertical = 1
_sections_unfolded = [ "Anchor", "Margin" ]

[node name="Text" type="Label" parent="Viewport1/Control/SliderP" index="0"]

anchor_left = 0.0
anchor_top = 0.0
anchor_right = 0.0
anchor_bottom = 0.0
margin_left = 7.0
margin_top = 172.0
margin_right = 40.0
margin_bottom = 14.0
rect_pivot_offset = Vector2( 0, 0 )
rect_clip_content = false
mouse_filter = 2
mouse_default_cursor_shape = 0
size_flags_horizontal = 1
size_flags_vertical = 4
text = "Depth"
percent_visible = 1.0
lines_skipped = 0
max_lines_visible = -1
_sections_unfolded = [ "Margin" ]

[node name="TextValue" type="Label" parent="Viewport1/Control/SliderP" index="1"]

anchor_left = 0.0
anchor_top = 0.0
anchor_right = 0.0
anchor_bottom = 0.0
margin_left = 141.0
margin_top = 189.0
margin_right = 40.0
margin_bottom = 14.0
rect_pivot_offset = Vector2( 0, 0 )
rect_clip_content = false
mouse_filter = 2
mouse_default_cursor_shape = 0
size_flags_horizontal = 1
size_flags_vertical = 4
text = "0"
percent_visible = 1.0
lines_skipped = 0
max_lines_visible = -1
_sections_unfolded = [ "Margin" ]

[node name="Value" type="HSlider" parent="Viewport1/Control/SliderP" index="2"]

anchor_left = 0.0
anchor_top = 0.0
anchor_right = 0.0
anchor_bottom = 0.0
margin_left = 9.0
margin_top = 187.0
margin_right = 125.0
margin_bottom = 203.0
rect_pivot_offset = Vector2( 0, 0 )
rect_clip_content = false
focus_mode = 2
mouse_filter = 0
mouse_default_cursor_shape = 0
size_flags_horizontal = 1
size_flags_vertical = 0
min_value = 1.0
max_value = 255.0
step = 1.0
page = 0.0
value = 1.0
exp_edit = false
rounded = false
editable = true
tick_count = 0
ticks_on_borders = false
focus_mode = 2
_sections_unfolded = [ "Rect" ]

[node name="Sound" type="Control" parent="Viewport1/Control" index="6"]

anchor_left = 0.0
anchor_top = 0.0
anchor_right = 0.0
anchor_bottom = 0.0
margin_left = 32.0
margin_top = 174.0
margin_right = 37.0
margin_bottom = 174.0
rect_pivot_offset = Vector2( 0, 0 )
rect_clip_content = false
mouse_filter = 0
mouse_default_cursor_shape = 0
size_flags_horizontal = 1
size_flags_vertical = 1
_sections_unfolded = [ "Margin", "Rect" ]

[node name="Text" type="Label" parent="Viewport1/Control/Sound" index="0"]

anchor_left = 0.0
anchor_top = 0.0
anchor_right = 0.0
anchor_bottom = 0.0
margin_left = -21.0
margin_top = 10.0
margin_right = 40.0
margin_bottom = 14.0
rect_pivot_offset = Vector2( 0, 0 )
rect_clip_content = false
mouse_filter = 2
mouse_default_cursor_shape = 0
size_flags_horizontal = 1
size_flags_vertical = 4
text = "Sound :"
percent_visible = 1.0
lines_skipped = 0
max_lines_visible = -1
_sections_unfolded = [ "Margin" ]

[node name="Value" type="CheckButton" parent="Viewport1/Control/Sound" index="1"]

anchor_left = 0.0
anchor_top = 0.0
anchor_right = 0.0
anchor_bottom = 0.0
margin_left = 23.0
margin_top = 2.0
margin_right = 76.0
margin_bottom = 40.0
rect_scale = Vector2( 0.8, 0.8 )
rect_pivot_offset = Vector2( 0, 0 )
rect_clip_content = false
focus_mode = 2
mouse_filter = 0
mouse_default_cursor_shape = 0
size_flags_horizontal = 1
size_flags_vertical = 1
toggle_mode = true
pressed = true
enabled_focus_mode = 2
shortcut = null
group = null
flat = false
align = 0
_sections_unfolded = [ "Margin", "Rect" ]

[node name="Reset" type="Control" parent="Viewport1/Control" index="7"]

anchor_left = 0.0
anchor_top = 0.0
anchor_right = 0.0
anchor_bottom = 0.0
margin_left = 17.0
margin_right = 40.0
margin_bottom = 40.0
rect_pivot_offset = Vector2( 0, 0 )
rect_clip_content = false
mouse_filter = 0
mouse_default_cursor_shape = 0
size_flags_horizontal = 1
size_flags_vertical = 1
_sections_unfolded = [ "Margin" ]

[node name="Button" type="Button" parent="Viewport1/Control/Reset" index="0"]

anchor_left = 0.0
anchor_top = 0.0
anchor_right = 0.0
anchor_bottom = 0.0
margin_left = 100.0
margin_top = 183.0
margin_right = 70.0
margin_bottom = 200.0
rect_scale = Vector2( 0.8, 0.8 )
rect_pivot_offset = Vector2( 0, 0 )
rect_clip_content = false
focus_mode = 2
mouse_filter = 0
mouse_default_cursor_shape = 0
size_flags_horizontal = 1
size_flags_vertical = 1
toggle_mode = false
enabled_focus_mode = 2
shortcut = null
group = null
text = "Reset"
flat = false
align = 1
_sections_unfolded = [ "Margin", "Rect" ]

[node name="Viewport2" type="Viewport" parent="." index="1"]

arvr = false
size = Vector2( 180, 250 )
own_world = false
world = null
transparent_bg = false
msaa = 0
hdr = true
disable_3d = false
usage = 2
debug_draw = 0
render_target_v_flip = true
render_target_clear_mode = 0
render_target_update_mode = 2
audio_listener_enable_2d = false
audio_listener_enable_3d = false
physics_object_picking = false
gui_disable_input = false
gui_snap_controls_to_pixels = true
shadow_atlas_size = 0
shadow_atlas_quad_0 = 2
shadow_atlas_quad_1 = 2
shadow_atlas_quad_2 = 3
shadow_atlas_quad_3 = 4
_sections_unfolded = [ "Render Target", "Rendering", "Shadow Atlas" ]

[node name="Control" type="Control" parent="Viewport2" index="0"]

anchor_left = 0.0
anchor_top = 0.0
anchor_right = 0.0
anchor_bottom = 0.0
margin_right = 40.0
margin_bottom = 40.0
rect_pivot_offset = Vector2( 0, 0 )
rect_clip_content = false
mouse_filter = 0
mouse_default_cursor_shape = 0
size_flags_horizontal = 1
size_flags_vertical = 1
script = ExtResource( 3 )

[node name="parameters" type="Control" parent="Viewport2/Control" index="0"]

editor/display_folded = true
anchor_left = 0.0
anchor_top = 0.0
anchor_right = 0.0
anchor_bottom = 0.0
margin_left = 34.0
margin_top = 5.0
margin_right = 40.0
margin_bottom = 40.0
rect_pivot_offset = Vector2( 0, 0 )
rect_clip_content = false
mouse_filter = 0
mouse_default_cursor_shape = 0
size_flags_horizontal = 1
size_flags_vertical = 1
_sections_unfolded = [ "Margin" ]

[node name="Label" type="Label" parent="Viewport2/Control/parameters" index="0"]

anchor_left = 0.0
anchor_top = 0.0
anchor_right = 0.0
anchor_bottom = 0.0
margin_right = 40.0
margin_bottom = 14.0
rect_pivot_offset = Vector2( 0, 0 )
rect_clip_content = false
mouse_filter = 2
mouse_default_cursor_shape = 0
size_flags_horizontal = 1
size_flags_vertical = 4
text = "A"
percent_visible = 1.0
lines_skipped = 0
max_lines_visible = -1
_sections_unfolded = [ "Margin" ]

[node name="Label2" type="Label" parent="Viewport2/Control/parameters" index="1"]

anchor_left = 0.0
anchor_top = 0.0
anchor_right = 0.0
anchor_bottom = 0.0
margin_left = 11.0
margin_right = 40.0
margin_bottom = 14.0
rect_pivot_offset = Vector2( 0, 0 )
rect_clip_content = false
mouse_filter = 2
mouse_default_cursor_shape = 0
size_flags_horizontal = 1
size_flags_vertical = 4
text = "B"
percent_visible = 1.0
lines_skipped = 0
max_lines_visible = -1
_sections_unfolded = [ "Margin" ]

[node name="Label3" type="Label" parent="Viewport2/Control/parameters" index="2"]

anchor_left = 0.0
anchor_top = 0.0
anchor_right = 0.0
anchor_bottom = 0.0
margin_left = 22.0
margin_right = 40.0
margin_bottom = 14.0
rect_pivot_offset = Vector2( 0, 0 )
rect_clip_content = false
mouse_filter = 2
mouse_default_cursor_shape = 0
size_flags_horizontal = 1
size_flags_vertical = 4
text = "C"
percent_visible = 1.0
lines_skipped = 0
max_lines_visible = -1
_sections_unfolded = [ "Margin" ]

[node name="Label4" type="Label" parent="Viewport2/Control/parameters" index="3"]

anchor_left = 0.0
anchor_top = 0.0
anchor_right = 0.0
anchor_bottom = 0.0
margin_left = 33.0
margin_right = 40.0
margin_bottom = 14.0
rect_pivot_offset = Vector2( 0, 0 )
rect_clip_content = false
mouse_filter = 2
mouse_default_cursor_shape = 0
size_flags_horizontal = 1
size_flags_vertical = 4
text = "D"
percent_visible = 1.0
lines_skipped = 0
max_lines_visible = -1
_sections_unfolded = [ "Margin" ]

[node name="Label5" type="Label" parent="Viewport2/Control/parameters" index="4"]

anchor_left = 0.0
anchor_top = 0.0
anchor_right = 0.0
anchor_bottom = 0.0
margin_left = 44.0
margin_right = 40.0
margin_bottom = 14.0
rect_pivot_offset = Vector2( 0, 0 )
rect_clip_content = false
mouse_filter = 2
mouse_default_cursor_shape = 0
size_flags_horizontal = 1
size_flags_vertical = 4
text = "E"
percent_visible = 1.0
lines_skipped = 0
max_lines_visible = -1
_sections_unfolded = [ "Margin" ]

[node name="Label6" type="Label" parent="Viewport2/Control/parameters" index="5"]

anchor_left = 0.0
anchor_top = 0.0
anchor_right = 0.0
anchor_bottom = 0.0
margin_left = 55.0
margin_right = 40.0
margin_bottom = 14.0
rect_pivot_offset = Vector2( 0, 0 )
rect_clip_content = false
mouse_filter = 2
mouse_default_cursor_shape = 0
size_flags_horizontal = 1
size_flags_vertical = 4
text = "F"
percent_visible = 1.0
lines_skipped = 0
max_lines_visible = -1
_sections_unfolded = [ "Margin" ]

[node name="Label7" type="Label" parent="Viewport2/Control/parameters" index="6"]

anchor_left = 0.0
anchor_top = 0.0
anchor_right = 0.0
anchor_bottom = 0.0
margin_left = 69.0
margin_right = 40.0
margin_bottom = 14.0
rect_pivot_offset = Vector2( 0, 0 )
rect_clip_content = false
mouse_filter = 2
mouse_default_cursor_shape = 0
size_flags_horizontal = 1
size_flags_vertical = 4
text = "G"
percent_visible = 1.0
lines_skipped = 0
max_lines_visible = -1
_sections_unfolded = [ "Margin" ]

[node name="Label8" type="Label" parent="Viewport2/Control/parameters" index="7"]

anchor_left = 0.0
anchor_top = 0.0
anchor_right = 0.0
anchor_bottom = 0.0
margin_left = 80.0
margin_right = 40.0
margin_bottom = 14.0
rect_pivot_offset = Vector2( 0, 0 )
rect_clip_content = false
mouse_filter = 2
mouse_default_cursor_shape = 0
size_flags_horizontal = 1
size_flags_vertical = 4
text = "H"
percent_visible = 1.0
lines_skipped = 0
max_lines_visible = -1
_sections_unfolded = [ "Margin" ]

[node name="Label9" type="Label" parent="Viewport2/Control/parameters" index="8"]

anchor_left = 0.0
anchor_top = 0.0
anchor_right = 0.0
anchor_bottom = 0.0
margin_left = 91.0
margin_right = 40.0
margin_bottom = 14.0
rect_pivot_offset = Vector2( 0, 0 )
rect_clip_content = false
mouse_filter = 2
mouse_default_cursor_shape = 0
size_flags_horizontal = 1
size_flags_vertical = 4
text = "I"
percent_visible = 1.0
lines_skipped = 0
max_lines_visible = -1
_sections_unfolded = [ "Margin" ]

[node name="Label10" type="Label" parent="Viewport2/Control/parameters" index="9"]

anchor_left = 0.0
anchor_top = 0.0
anchor_right = 0.0
anchor_bottom = 0.0
margin_left = 102.0
margin_right = 40.0
margin_bottom = 14.0
rect_pivot_offset = Vector2( 0, 0 )
rect_clip_content = false
mouse_filter = 2
mouse_default_cursor_shape = 0
size_flags_horizontal = 1
size_flags_vertical = 4
text = "J"
percent_visible = 1.0
lines_skipped = 0
max_lines_visible = -1
_sections_unfolded = [ "Margin" ]

[node name="Parameter1" type="Label" parent="Viewport2/Control" index="1"]

anchor_left = 0.0
anchor_top = 0.0
anchor_right = 0.0
anchor_bottom = 0.0
margin_left = 20.0
margin_top = 225.0
margin_right = 40.0
margin_bottom = 14.0
rect_pivot_offset = Vector2( 0, 0 )
rect_clip_content = false
mouse_filter = 2
mouse_default_cursor_shape = 0
size_flags_horizontal = 1
size_flags_vertical = 4
text = "Hauteur"
align = 2
percent_visible = 1.0
lines_skipped = 0
max_lines_visible = -1
_sections_unfolded = [ "Grow Direction", "Margin" ]

[node name="Parameter2" type="Label" parent="Viewport2/Control" index="2"]

anchor_left = 0.0
anchor_top = 0.0
anchor_right = 0.0
anchor_bottom = 0.0
margin_left = 90.0
margin_top = 225.0
margin_right = 40.0
margin_bottom = 14.0
rect_pivot_offset = Vector2( 0, 0 )
rect_clip_content = false
mouse_filter = 2
mouse_default_cursor_shape = 0
size_flags_horizontal = 1
size_flags_vertical = 4
text = "|"
percent_visible = 1.0
lines_skipped = 0
max_lines_visible = -1
_sections_unfolded = [ "Margin" ]

[node name="Parameter3" type="Label" parent="Viewport2/Control" index="3"]

anchor_left = 0.0
anchor_top = 0.0
anchor_right = 0.0
anchor_bottom = 0.0
margin_left = 105.0
margin_top = 225.0
margin_right = 40.0
margin_bottom = 14.0
rect_pivot_offset = Vector2( 0, 0 )
rect_clip_content = false
mouse_filter = 2
mouse_default_cursor_shape = 0
size_flags_horizontal = 1
size_flags_vertical = 4
text = "Pitch"
percent_visible = 1.0
lines_skipped = 0
max_lines_visible = -1
_sections_unfolded = [ "Hint", "Margin" ]

[node name="Sliders" type="Control" parent="Viewport2/Control" index="4"]

anchor_left = 0.0
anchor_top = 0.0
anchor_right = 0.0
anchor_bottom = 0.0
margin_right = 40.0
margin_bottom = 40.0
rect_pivot_offset = Vector2( 0, 0 )
rect_clip_content = false
mouse_filter = 0
mouse_default_cursor_shape = 0
size_flags_horizontal = 1
size_flags_vertical = 1

[node name="SliderX" type="Control" parent="Viewport2/Control/Sliders" index="0"]

anchor_left = 0.0
anchor_top = 0.0
anchor_right = 0.0
anchor_bottom = 0.0
margin_left = 10.0
margin_top = 20.0
margin_right = 40.0
margin_bottom = 40.0
rect_pivot_offset = Vector2( 0, 0 )
rect_clip_content = false
mouse_filter = 0
mouse_default_cursor_shape = 0
size_flags_horizontal = 1
size_flags_vertical = 1
_sections_unfolded = [ "Margin", "Rect" ]

[node name="Label" type="Label" parent="Viewport2/Control/Sliders/SliderX" index="0"]

anchor_left = 0.0
anchor_top = 0.0
anchor_right = 0.0
anchor_bottom = 0.0
margin_top = 5.0
margin_right = 40.0
margin_bottom = 14.0
rect_pivot_offset = Vector2( 0, 0 )
rect_clip_content = false
mouse_filter = 2
mouse_default_cursor_shape = 0
size_flags_horizontal = 1
size_flags_vertical = 4
text = "X"
percent_visible = 1.0
lines_skipped = 0
max_lines_visible = -1
_sections_unfolded = [ "Margin" ]

[node name="HSlider" type="HSlider" parent="Viewport2/Control/Sliders/SliderX" index="1"]

anchor_left = 0.0
anchor_top = 0.0
anchor_right = 0.0
anchor_bottom = 0.0
margin_left = 20.0
margin_top = 3.0
margin_right = 135.0
margin_bottom = 19.0
rect_pivot_offset = Vector2( 0, 0 )
rect_clip_content = false
focus_mode = 2
mouse_filter = 0
mouse_default_cursor_shape = 0
size_flags_horizontal = 1
size_flags_vertical = 0
min_value = 0.0
max_value = 9.0
step = 1.0
page = 0.0
value = 0.0
exp_edit = false
rounded = false
editable = true
tick_count = 0
ticks_on_borders = false
focus_mode = 2
_sections_unfolded = [ "Margin", "Rect" ]

[node name="CheckBox" type="CheckBox" parent="Viewport2/Control/Sliders/SliderX" index="2"]

anchor_left = 0.0
anchor_top = 0.0
anchor_right = 0.0
anchor_bottom = 0.0
margin_left = 140.0
margin_right = 24.0
margin_bottom = 24.0
rect_pivot_offset = Vector2( 0, 0 )
rect_clip_content = false
focus_mode = 2
mouse_filter = 0
mouse_default_cursor_shape = 0
size_flags_horizontal = 1
size_flags_vertical = 1
toggle_mode = true
enabled_focus_mode = 2
shortcut = null
group = null
flat = false
align = 0
_sections_unfolded = [ "Margin" ]

[node name="SliderY" type="Control" parent="Viewport2/Control/Sliders" index="1"]

anchor_left = 0.0
anchor_top = 0.0
anchor_right = 0.0
anchor_bottom = 0.0
margin_left = 10.0
margin_top = 40.0
margin_right = 40.0
margin_bottom = 40.0
rect_pivot_offset = Vector2( 0, 0 )
rect_clip_content = false
mouse_filter = 0
mouse_default_cursor_shape = 0
size_flags_horizontal = 1
size_flags_vertical = 1
_sections_unfolded = [ "Margin" ]

[node name="Label" type="Label" parent="Viewport2/Control/Sliders/SliderY" index="0"]

anchor_left = 0.0
anchor_top = 0.0
anchor_right = 0.0
anchor_bottom = 0.0
margin_top = 5.0
margin_right = 40.0
margin_bottom = 14.0
rect_pivot_offset = Vector2( 0, 0 )
rect_clip_content = false
mouse_filter = 2
mouse_default_cursor_shape = 0
size_flags_horizontal = 1
size_flags_vertical = 4
text = "Y"
percent_visible = 1.0
lines_skipped = 0
max_lines_visible = -1
_sections_unfolded = [ "Margin" ]

[node name="HSlider" type="HSlider" parent="Viewport2/Control/Sliders/SliderY" index="1"]

anchor_left = 0.0
anchor_top = 0.0
anchor_right = 0.0
anchor_bottom = 0.0
margin_left = 20.0
margin_top = 3.0
margin_right = 136.0
margin_bottom = 19.0
rect_pivot_offset = Vector2( 0, 0 )
rect_clip_content = false
focus_mode = 2
mouse_filter = 0
mouse_default_cursor_shape = 0
size_flags_horizontal = 1
size_flags_vertical = 0
min_value = 0.0
max_value = 9.0
step = 1.0
page = 0.0
value = 0.0
exp_edit = false
rounded = false
editable = true
tick_count = 0
ticks_on_borders = false
focus_mode = 2
_sections_unfolded = [ "Margin", "Rect" ]

[node name="CheckBox" type="CheckBox" parent="Viewport2/Control/Sliders/SliderY" index="2"]

anchor_left = 0.0
anchor_top = 0.0
anchor_right = 0.0
anchor_bottom = 0.0
margin_left = 140.0
margin_right = 24.0
margin_bottom = 24.0
rect_pivot_offset = Vector2( 0, 0 )
rect_clip_content = false
focus_mode = 2
mouse_filter = 0
mouse_default_cursor_shape = 0
size_flags_horizontal = 1
size_flags_vertical = 1
toggle_mode = true
enabled_focus_mode = 2
shortcut = null
group = null
flat = false
align = 0
_sections_unfolded = [ "Margin" ]

[node name="SliderZ" type="Control" parent="Viewport2/Control/Sliders" index="2"]

anchor_left = 0.0
anchor_top = 0.0
anchor_right = 0.0
anchor_bottom = 0.0
margin_left = 10.0
margin_top = 60.0
margin_right = 40.0
margin_bottom = 60.0
rect_pivot_offset = Vector2( 0, 0 )
rect_clip_content = false
mouse_filter = 0
mouse_default_cursor_shape = 0
size_flags_horizontal = 1
size_flags_vertical = 1
_sections_unfolded = [ "Margin" ]

[node name="Label" type="Label" parent="Viewport2/Control/Sliders/SliderZ" index="0"]

anchor_left = 0.0
anchor_top = 0.0
anchor_right = 0.0
anchor_bottom = 0.0
margin_top = 5.0
margin_right = 40.0
margin_bottom = 14.0
rect_pivot_offset = Vector2( 0, 0 )
rect_clip_content = false
mouse_filter = 2
mouse_default_cursor_shape = 0
size_flags_horizontal = 1
size_flags_vertical = 4
text = "Z"
percent_visible = 1.0
lines_skipped = 0
max_lines_visible = -1
_sections_unfolded = [ "Margin" ]

[node name="HSlider" type="HSlider" parent="Viewport2/Control/Sliders/SliderZ" index="1"]

anchor_left = 0.0
anchor_top = 0.0
anchor_right = 0.0
anchor_bottom = 0.0
margin_left = 20.0
margin_top = 3.0
margin_right = 136.0
margin_bottom = 19.0
rect_pivot_offset = Vector2( 0, 0 )
rect_clip_content = false
focus_mode = 2
mouse_filter = 0
mouse_default_cursor_shape = 0
size_flags_horizontal = 1
size_flags_vertical = 0
min_value = 0.0
max_value = 9.0
step = 1.0
page = 0.0
value = 0.0
exp_edit = false
rounded = false
editable = true
tick_count = 0
ticks_on_borders = false
focus_mode = 2
_sections_unfolded = [ "Hint", "Margin", "Rect" ]

[node name="CheckBox" type="CheckBox" parent="Viewport2/Control/Sliders/SliderZ" index="2"]

anchor_left = 0.0
anchor_top = 0.0
anchor_right = 0.0
anchor_bottom = 0.0
margin_left = 140.0
margin_right = 24.0
margin_bottom = 24.0
rect_pivot_offset = Vector2( 0, 0 )
rect_clip_content = false
focus_mode = 2
mouse_filter = 0
mouse_default_cursor_shape = 0
size_flags_horizontal = 1
size_flags_vertical = 1
toggle_mode = true
enabled_focus_mode = 2
shortcut = null
group = null
flat = false
align = 0
_sections_unfolded = [ "Margin" ]

[node name="SliderR" type="Control" parent="Viewport2/Control/Sliders" index="3"]

editor/display_folded = true
anchor_left = 0.0
anchor_top = 0.0
anchor_right = 0.0
anchor_bottom = 0.0
margin_left = 10.0
margin_top = 80.0
margin_right = 40.0
margin_bottom = 80.0
rect_pivot_offset = Vector2( 0, 0 )
rect_clip_content = false
mouse_filter = 0
mouse_default_cursor_shape = 0
size_flags_horizontal = 1
size_flags_vertical = 1
_sections_unfolded = [ "Margin" ]

[node name="Label" type="Label" parent="Viewport2/Control/Sliders/SliderR" index="0"]

anchor_left = 0.0
anchor_top = 0.0
anchor_right = 0.0
anchor_bottom = 0.0
margin_top = 5.0
margin_right = 40.0
margin_bottom = 14.0
rect_pivot_offset = Vector2( 0, 0 )
rect_clip_content = false
mouse_filter = 2
mouse_default_cursor_shape = 0
size_flags_horizontal = 1
size_flags_vertical = 4
text = "R"
percent_visible = 1.0
lines_skipped = 0
max_lines_visible = -1
_sections_unfolded = [ "Margin" ]

[node name="HSlider" type="HSlider" parent="Viewport2/Control/Sliders/SliderR" index="1"]

anchor_left = 0.0
anchor_top = 0.0
anchor_right = 0.0
anchor_bottom = 0.0
margin_left = 20.0
margin_top = 3.0
margin_right = 136.0
margin_bottom = 20.0
rect_pivot_offset = Vector2( 0, 0 )
rect_clip_content = false
focus_mode = 2
mouse_filter = 0
mouse_default_cursor_shape = 0
size_flags_horizontal = 1
size_flags_vertical = 0
min_value = 0.0
max_value = 9.0
step = 1.0
page = 0.0
value = 0.0
exp_edit = false
rounded = false
editable = true
tick_count = 0
ticks_on_borders = false
focus_mode = 2
_sections_unfolded = [ "Margin", "Rect" ]

[node name="CheckBox" type="CheckBox" parent="Viewport2/Control/Sliders/SliderR" index="2"]

anchor_left = 0.0
anchor_top = 0.0
anchor_right = 0.0
anchor_bottom = 0.0
margin_left = 140.0
margin_right = 24.0
margin_bottom = 24.0
rect_pivot_offset = Vector2( 0, 0 )
rect_clip_content = false
focus_mode = 2
mouse_filter = 0
mouse_default_cursor_shape = 0
size_flags_horizontal = 1
size_flags_vertical = 1
toggle_mode = true
enabled_focus_mode = 2
shortcut = null
group = null
flat = false
align = 0
_sections_unfolded = [ "Margin" ]

[node name="SliderG" type="Control" parent="Viewport2/Control/Sliders" index="4"]

editor/display_folded = true
anchor_left = 0.0
anchor_top = 0.0
anchor_right = 0.0
anchor_bottom = 0.0
margin_left = 10.0
margin_top = 100.0
margin_right = 40.0
margin_bottom = 100.0
rect_pivot_offset = Vector2( 0, 0 )
rect_clip_content = false
mouse_filter = 0
mouse_default_cursor_shape = 0
size_flags_horizontal = 1
size_flags_vertical = 1
_sections_unfolded = [ "Margin" ]

[node name="Label" type="Label" parent="Viewport2/Control/Sliders/SliderG" index="0"]

anchor_left = 0.0
anchor_top = 0.0
anchor_right = 0.0
anchor_bottom = 0.0
margin_top = 5.0
margin_right = 40.0
margin_bottom = 14.0
rect_pivot_offset = Vector2( 0, 0 )
rect_clip_content = false
mouse_filter = 2
mouse_default_cursor_shape = 0
size_flags_horizontal = 1
size_flags_vertical = 4
text = "G"
percent_visible = 1.0
lines_skipped = 0
max_lines_visible = -1
_sections_unfolded = [ "Margin" ]

[node name="HSlider" type="HSlider" parent="Viewport2/Control/Sliders/SliderG" index="1"]

anchor_left = 0.0
anchor_top = 0.0
anchor_right = 0.0
anchor_bottom = 0.0
margin_left = 20.0
margin_top = 3.0
margin_right = 136.0
margin_bottom = 19.0
rect_pivot_offset = Vector2( 0, 0 )
rect_clip_content = false
focus_mode = 2
mouse_filter = 0
mouse_default_cursor_shape = 0
size_flags_horizontal = 1
size_flags_vertical = 0
min_value = 0.0
max_value = 9.0
step = 1.0
page = 0.0
value = 0.0
exp_edit = false
rounded = false
editable = true
tick_count = 0
ticks_on_borders = false
focus_mode = 2
_sections_unfolded = [ "Margin", "Rect" ]

[node name="CheckBox" type="CheckBox" parent="Viewport2/Control/Sliders/SliderG" index="2"]

anchor_left = 0.0
anchor_top = 0.0
anchor_right = 0.0
anchor_bottom = 0.0
margin_left = 140.0
margin_right = 24.0
margin_bottom = 24.0
rect_pivot_offset = Vector2( 0, 0 )
rect_clip_content = false
focus_mode = 2
mouse_filter = 0
mouse_default_cursor_shape = 0
size_flags_horizontal = 1
size_flags_vertical = 1
toggle_mode = true
enabled_focus_mode = 2
shortcut = null
group = null
flat = false
align = 0
_sections_unfolded = [ "Grow Direction", "Margin" ]

[node name="SliderB" type="Control" parent="Viewport2/Control/Sliders" index="5"]

editor/display_folded = true
anchor_left = 0.0
anchor_top = 0.0
anchor_right = 0.0
anchor_bottom = 0.0
margin_left = 10.0
margin_top = 120.0
margin_right = 40.0
margin_bottom = 120.0
rect_pivot_offset = Vector2( 0, 0 )
rect_clip_content = false
mouse_filter = 0
mouse_default_cursor_shape = 0
size_flags_horizontal = 1
size_flags_vertical = 1
_sections_unfolded = [ "Margin" ]

[node name="Label" type="Label" parent="Viewport2/Control/Sliders/SliderB" index="0"]

anchor_left = 0.0
anchor_top = 0.0
anchor_right = 0.0
anchor_bottom = 0.0
margin_top = 5.0
margin_right = 40.0
margin_bottom = 14.0
rect_pivot_offset = Vector2( 0, 0 )
rect_clip_content = false
mouse_filter = 2
mouse_default_cursor_shape = 0
size_flags_horizontal = 1
size_flags_vertical = 4
text = "B"
percent_visible = 1.0
lines_skipped = 0
max_lines_visible = -1
_sections_unfolded = [ "Margin" ]

[node name="HSlider" type="HSlider" parent="Viewport2/Control/Sliders/SliderB" index="1"]

anchor_left = 0.0
anchor_top = 0.0
anchor_right = 0.0
anchor_bottom = 0.0
margin_left = 20.0
margin_top = 3.0
margin_right = 136.0
margin_bottom = 19.0
rect_pivot_offset = Vector2( 0, 0 )
rect_clip_content = false
focus_mode = 2
mouse_filter = 0
mouse_default_cursor_shape = 0
size_flags_horizontal = 1
size_flags_vertical = 0
min_value = 0.0
max_value = 9.0
step = 1.0
page = 0.0
value = 0.0
exp_edit = false
rounded = false
editable = true
tick_count = 0
ticks_on_borders = false
focus_mode = 2
_sections_unfolded = [ "Margin", "Rect" ]

[node name="CheckBox" type="CheckBox" parent="Viewport2/Control/Sliders/SliderB" index="2"]

anchor_left = 0.0
anchor_top = 0.0
anchor_right = 0.0
anchor_bottom = 0.0
margin_left = 140.0
margin_right = 24.0
margin_bottom = 24.0
rect_pivot_offset = Vector2( 0, 0 )
rect_clip_content = false
focus_mode = 2
mouse_filter = 0
mouse_default_cursor_shape = 0
size_flags_horizontal = 1
size_flags_vertical = 1
toggle_mode = true
enabled_focus_mode = 2
shortcut = null
group = null
flat = false
align = 0
_sections_unfolded = [ "Margin", "Rect" ]

[node name="SliderH" type="Control" parent="Viewport2/Control/Sliders" index="6"]

anchor_left = 0.0
anchor_top = 0.0
anchor_right = 0.0
anchor_bottom = 0.0
margin_left = 10.0
margin_top = 140.0
margin_right = 40.0
margin_bottom = 140.0
rect_pivot_offset = Vector2( 0, 0 )
rect_clip_content = false
mouse_filter = 0
mouse_default_cursor_shape = 0
size_flags_horizontal = 1
size_flags_vertical = 1
_sections_unfolded = [ "Margin" ]

[node name="Label" type="Label" parent="Viewport2/Control/Sliders/SliderH" index="0"]

anchor_left = 0.0
anchor_top = 0.0
anchor_right = 0.0
anchor_bottom = 0.0
margin_top = 4.0
margin_right = 40.0
margin_bottom = 14.0
rect_pivot_offset = Vector2( 0, 0 )
rect_clip_content = false
mouse_filter = 2
mouse_default_cursor_shape = 0
size_flags_horizontal = 1
size_flags_vertical = 4
text = "H"
percent_visible = 1.0
lines_skipped = 0
max_lines_visible = -1
_sections_unfolded = [ "Margin" ]

[node name="HSlider" type="HSlider" parent="Viewport2/Control/Sliders/SliderH" index="1"]

anchor_left = 0.0
anchor_top = 0.0
anchor_right = 0.0
anchor_bottom = 0.0
margin_left = 20.0
margin_top = 3.0
margin_right = 136.0
margin_bottom = 19.0
rect_pivot_offset = Vector2( 0, 0 )
rect_clip_content = false
focus_mode = 2
mouse_filter = 0
mouse_default_cursor_shape = 0
size_flags_horizontal = 1
size_flags_vertical = 0
min_value = 0.0
max_value = 9.0
step = 1.0
page = 0.0
value = 0.0
exp_edit = false
rounded = false
editable = true
tick_count = 0
ticks_on_borders = false
focus_mode = 2
_sections_unfolded = [ "Margin", "Rect" ]

[node name="CheckBox" type="CheckBox" parent="Viewport2/Control/Sliders/SliderH" index="2"]

anchor_left = 0.0
anchor_top = 0.0
anchor_right = 0.0
anchor_bottom = 0.0
margin_left = 140.0
margin_right = 24.0
margin_bottom = 24.0
rect_pivot_offset = Vector2( 0, 0 )
rect_clip_content = false
focus_mode = 2
mouse_filter = 0
mouse_default_cursor_shape = 0
size_flags_horizontal = 1
size_flags_vertical = 1
toggle_mode = true
enabled_focus_mode = 2
shortcut = null
group = null
flat = false
align = 0
_sections_unfolded = [ "Margin" ]

[node name="SliderL" type="Control" parent="Viewport2/Control/Sliders" index="7"]

anchor_left = 0.0
anchor_top = 0.0
anchor_right = 0.0
anchor_bottom = 0.0
margin_left = 10.0
margin_top = 160.0
margin_right = 40.0
margin_bottom = 160.0
rect_pivot_offset = Vector2( 0, 0 )
rect_clip_content = false
mouse_filter = 0
mouse_default_cursor_shape = 0
size_flags_horizontal = 1
size_flags_vertical = 1
_sections_unfolded = [ "Anchor", "Margin" ]

[node name="Label" type="Label" parent="Viewport2/Control/Sliders/SliderL" index="0"]

anchor_left = 0.0
anchor_top = 0.0
anchor_right = 0.0
anchor_bottom = 0.0
margin_top = 5.0
margin_right = 40.0
margin_bottom = 14.0
rect_pivot_offset = Vector2( 0, 0 )
rect_clip_content = false
mouse_filter = 2
mouse_default_cursor_shape = 0
size_flags_horizontal = 1
size_flags_vertical = 4
text = "W"
percent_visible = 1.0
lines_skipped = 0
max_lines_visible = -1
_sections_unfolded = [ "Margin" ]

[node name="HSlider" type="HSlider" parent="Viewport2/Control/Sliders/SliderL" index="1"]

anchor_left = 0.0
anchor_top = 0.0
anchor_right = 0.0
anchor_bottom = 0.0
margin_left = 20.0
margin_top = 3.0
margin_right = 136.0
margin_bottom = 19.0
rect_pivot_offset = Vector2( 0, 0 )
rect_clip_content = false
focus_mode = 2
mouse_filter = 0
mouse_default_cursor_shape = 0
size_flags_horizontal = 1
size_flags_vertical = 0
min_value = 0.0
max_value = 9.0
step = 1.0
page = 0.0
value = 0.0
exp_edit = false
rounded = false
editable = true
tick_count = 0
ticks_on_borders = false
focus_mode = 2
_sections_unfolded = [ "Margin", "Rect" ]

[node name="CheckBox" type="CheckBox" parent="Viewport2/Control/Sliders/SliderL" index="2"]

anchor_left = 0.0
anchor_top = 0.0
anchor_right = 0.0
anchor_bottom = 0.0
margin_left = 140.0
margin_right = 24.0
margin_bottom = 24.0
rect_pivot_offset = Vector2( 0, 0 )
rect_clip_content = false
focus_mode = 2
mouse_filter = 0
mouse_default_cursor_shape = 0
size_flags_horizontal = 1
size_flags_vertical = 1
toggle_mode = true
enabled_focus_mode = 2
shortcut = null
group = null
flat = false
align = 0
_sections_unfolded = [ "Margin" ]

[node name="SliderP" type="Control" parent="Viewport2/Control/Sliders" index="8"]

anchor_left = 0.0
anchor_top = 0.0
anchor_right = 0.0
anchor_bottom = 0.0
margin_left = 10.0
margin_top = 180.0
margin_right = 40.0
margin_bottom = 180.0
rect_pivot_offset = Vector2( 0, 0 )
rect_clip_content = false
mouse_filter = 0
mouse_default_cursor_shape = 0
size_flags_horizontal = 1
size_flags_vertical = 1
_sections_unfolded = [ "Margin" ]

[node name="Label" type="Label" parent="Viewport2/Control/Sliders/SliderP" index="0"]

anchor_left = 0.0
anchor_top = 0.0
anchor_right = 0.0
anchor_bottom = 0.0
margin_top = 5.0
margin_right = 40.0
margin_bottom = 14.0
rect_pivot_offset = Vector2( 0, 0 )
rect_clip_content = false
mouse_filter = 2
mouse_default_cursor_shape = 0
size_flags_horizontal = 1
size_flags_vertical = 4
text = "D"
percent_visible = 1.0
lines_skipped = 0
max_lines_visible = -1
_sections_unfolded = [ "Margin" ]

[node name="HSlider" type="HSlider" parent="Viewport2/Control/Sliders/SliderP" index="1"]

anchor_left = 0.0
anchor_top = 0.0
anchor_right = 0.0
anchor_bottom = 0.0
margin_left = 20.0
margin_top = 3.0
margin_right = 136.0
margin_bottom = 19.0
rect_pivot_offset = Vector2( 0, 0 )
rect_clip_content = false
focus_mode = 2
mouse_filter = 0
mouse_default_cursor_shape = 0
size_flags_horizontal = 1
size_flags_vertical = 0
min_value = 0.0
max_value = 9.0
step = 1.0
page = 0.0
value = 0.0
exp_edit = false
rounded = false
editable = true
tick_count = 0
ticks_on_borders = false
focus_mode = 2
_sections_unfolded = [ "Margin", "Rect" ]

[node name="CheckBox" type="CheckBox" parent="Viewport2/Control/Sliders/SliderP" index="2"]

anchor_left = 0.0
anchor_top = 0.0
anchor_right = 0.0
anchor_bottom = 0.0
margin_left = 140.0
margin_right = 24.0
margin_bottom = 24.0
rect_pivot_offset = Vector2( 0, 0 )
rect_clip_content = false
focus_mode = 2
mouse_filter = 0
mouse_default_cursor_shape = 0
size_flags_horizontal = 1
size_flags_vertical = 1
toggle_mode = true
enabled_focus_mode = 2
shortcut = null
group = null
flat = false
align = 0
_sections_unfolded = [ "Margin" ]

[node name="SliderD" type="Control" parent="Viewport2/Control/Sliders" index="9"]

editor/display_folded = true
anchor_left = 0.0
anchor_top = 0.0
anchor_right = 0.0
anchor_bottom = 0.0
margin_left = 10.0
margin_top = 200.0
margin_right = 40.0
margin_bottom = 200.0
rect_pivot_offset = Vector2( 0, 0 )
rect_clip_content = false
mouse_filter = 0
mouse_default_cursor_shape = 0
size_flags_horizontal = 1
size_flags_vertical = 1
_sections_unfolded = [ "Margin" ]

[node name="Label" type="Label" parent="Viewport2/Control/Sliders/SliderD" index="0"]

anchor_left = 0.0
anchor_top = 0.0
anchor_right = 0.0
anchor_bottom = 0.0
margin_top = 5.0
margin_right = 40.0
margin_bottom = 14.0
rect_pivot_offset = Vector2( 0, 0 )
rect_clip_content = false
mouse_filter = 2
mouse_default_cursor_shape = 0
size_flags_horizontal = 1
size_flags_vertical = 4
text = "D"
percent_visible = 1.0
lines_skipped = 0
max_lines_visible = -1
_sections_unfolded = [ "Margin" ]

[node name="HSlider" type="HSlider" parent="Viewport2/Control/Sliders/SliderD" index="1"]

anchor_left = 0.0
anchor_top = 0.0
anchor_right = 0.0
anchor_bottom = 0.0
margin_left = 20.0
margin_top = 3.0
margin_right = 136.0
margin_bottom = 19.0
rect_pivot_offset = Vector2( 0, 0 )
rect_clip_content = false
focus_mode = 2
mouse_filter = 0
mouse_default_cursor_shape = 0
size_flags_horizontal = 1
size_flags_vertical = 0
min_value = 0.0
max_value = 9.0
step = 1.0
page = 0.0
value = 0.0
exp_edit = false
rounded = false
editable = true
tick_count = 0
ticks_on_borders = false
focus_mode = 2
_sections_unfolded = [ "Margin", "Rect" ]

[node name="CheckBox" type="CheckBox" parent="Viewport2/Control/Sliders/SliderD" index="2"]

anchor_left = 0.0
anchor_top = 0.0
anchor_right = 0.0
anchor_bottom = 0.0
margin_left = 140.0
margin_right = 24.0
margin_bottom = 24.0
rect_pivot_offset = Vector2( 0, 0 )
rect_clip_content = false
focus_mode = 2
mouse_filter = 0
mouse_default_cursor_shape = 0
size_flags_horizontal = 1
size_flags_vertical = 1
toggle_mode = true
enabled_focus_mode = 2
shortcut = null
group = null
flat = false
align = 0
_sections_unfolded = [ "Margin", "Rect" ]

[node name="Area" type="Area" parent="." index="2"]

transform = Transform( 0.0975592, 0, 0.99523, 0, 1, 0, -0.99523, 0, 0.0975592, 0, 0, 0 )
visible = false
input_ray_pickable = false
input_capture_on_drag = false
space_override = 0
gravity_point = false
gravity_distance_scale = 0.0
gravity_vec = Vector3( 0, -1, 0 )
gravity = 9.8
linear_damp = 0.1
angular_damp = 1.0
priority = 0.0
monitoring = true
monitorable = true
collision_layer = 1
collision_mask = 1
audio_bus_override = false
audio_bus_name = "Master"
reverb_bus_enable = false
reverb_bus_name = "Master"
reverb_bus_amount = 0.0
reverb_bus_uniformity = 0.0
_sections_unfolded = [ "Transform", "Visibility" ]

[node name="MeshInstance" type="MeshInstance" parent="Area" index="0"]

transform = Transform( 1, 0, 0, 0, -0.766045, 0.771345, 0, -0.642788, -0.919254, 0, 4, 3 )
layers = 1
material_override = null
cast_shadow = 1
extra_cull_margin = 0.0
use_in_baked_light = false
lod_min_distance = 0.0
lod_min_hysteresis = 0.0
lod_max_distance = 0.0
lod_max_hysteresis = 0.0
mesh = SubResource( 1 )
skeleton = NodePath("..")
material/0 = SubResource( 3 )
_sections_unfolded = [ "Geometry", "Transform", "material" ]


